<record><leader>00000cas a22000007a 4500</leader><controlfield tag="001">8801260</controlfield><controlfield tag="008">820923d18791923iduwr ne      0   a0eng  </controlfield><datafield ind1=" " ind2=" " tag="010"><subfield code="a">sn 82014644 </subfield></datafield><datafield ind1=" " ind2=" " tag="040"><subfield code="a">DLC</subfield><subfield code="b">eng</subfield><subfield code="c">DLC</subfield><subfield code="d">UNP</subfield><subfield code="d">DLC</subfield><subfield code="d">NVB</subfield><subfield code="d">CNK</subfield><subfield code="d">OCLCQ</subfield><subfield code="d">OCLCO</subfield><subfield code="d">OCLCQ</subfield><subfield code="d">OCLCF</subfield></datafield><datafield ind1="1" ind2=" " tag="029"><subfield code="a">AU@</subfield><subfield code="b">000025820304</subfield></datafield><datafield ind1=" " ind2=" " tag="042"><subfield code="a">msc</subfield></datafield><datafield ind1=" " ind2=" " tag="043"><subfield code="a">n-us-id</subfield></datafield><datafield ind1="0" ind2="0" tag="050"><subfield code="a">Newspaper 7569</subfield></datafield><datafield ind1="0" ind2=" " tag="130"><subfield code="a">Idaho enterprise (Oxford, Idaho)</subfield></datafield><datafield ind1="1" ind2="4" tag="245"><subfield code="a">The Idaho enterprise.</subfield></datafield><datafield ind1=" " ind2=" " tag="260"><subfield code="a">Oxford, Idaho :</subfield><subfield code="b">Enterprise Pub. Co.</subfield></datafield><datafield ind1=" " ind2=" " tag="300"><subfield code="a">v. :</subfield><subfield code="b">ill.</subfield></datafield><datafield ind1=" " ind2=" " tag="310"><subfield code="a">Weekly,</subfield><subfield code="b">&lt;July 10, 1921-1923&gt;</subfield></datafield><datafield ind1=" " ind2=" " tag="321"><subfield code="a">Weekly,</subfield><subfield code="b">&lt;July 31, 1879&gt;-Sept. 14, 1920</subfield></datafield><datafield ind1=" " ind2=" " tag="321"><subfield code="a">Semiweekly,</subfield><subfield code="b">Sept. 17, 1920-June 28, 1921</subfield></datafield><datafield ind1="1" ind2=" " tag="362"><subfield code="a">Began with June 5, 1879 issue; ceased in 1923.</subfield></datafield><datafield ind1=" " ind2=" " tag="500"><subfield code="a">Published in: Malad, &lt;Oct. 1886&gt;-&lt;1923&gt;.</subfield></datafield><datafield ind1=" " ind2=" " tag="515"><subfield code="a">Suspended: Apr. 10, 1884. Resumed: Oct. 1886.</subfield></datafield><datafield ind1=" " ind2=" " tag="515"><subfield code="a">Jan.-Mar. 2, 1910 issues misdated as 1909.</subfield></datafield><datafield ind1=" " ind2=" " tag="580"><subfield code="a">Absorbed: People's advocate, Dec. 1906.</subfield></datafield><datafield ind1=" " ind2=" " tag="588"><subfield code="a">Description based on: Vol. 1, no. 6 (July 10, 1879).</subfield></datafield><datafield ind1=" " ind2="0" tag="651"><subfield code="a">Oxford (Idaho)</subfield><subfield code="v">Newspapers.</subfield></datafield><datafield ind1=" " ind2="0" tag="651"><subfield code="a">Malad City (Idaho)</subfield><subfield code="v">Newspapers.</subfield></datafield><datafield ind1=" " ind2="7" tag="655"><subfield code="a">Newspapers.</subfield><subfield code="2">fast</subfield><subfield code="0">(OCoLC)fst01423814</subfield></datafield><datafield ind1=" " ind2="7" tag="651"><subfield code="a">Idaho</subfield><subfield code="z">Malad City.</subfield><subfield code="2">fast</subfield><subfield code="0">(OCoLC)fst01291234</subfield></datafield><datafield ind1=" " ind2="7" tag="651"><subfield code="a">Idaho</subfield><subfield code="z">Oxford.</subfield><subfield code="2">fast</subfield><subfield code="0">(OCoLC)fst01885642</subfield></datafield><datafield ind1=" " ind2=" " tag="752"><subfield code="a">United States</subfield><subfield code="b">Idaho</subfield><subfield code="c">Oneida</subfield><subfield code="d">Oxford.</subfield></datafield><datafield ind1=" " ind2=" " tag="752"><subfield code="a">United States</subfield><subfield code="b">Idaho</subfield><subfield code="c">Oneida</subfield><subfield code="d">Malad.</subfield></datafield><datafield ind1=" " ind2=" " tag="752"><subfield code="a">United States</subfield><subfield code="b">Idaho</subfield><subfield code="c">Franklin</subfield><subfield code="d">Oxford.</subfield></datafield><datafield ind1="1" ind2="5" tag="780"><subfield code="t">People's advocate</subfield></datafield><datafield ind1="0" ind2="7" tag="785"><subfield code="t">Oneida County news</subfield><subfield code="w">(DLC)sn 86091180</subfield><subfield code="w">(OCoLC)13169909</subfield></datafield><datafield ind1="0" ind2="7" tag="785"><subfield code="t">Oneida County enterprise</subfield><subfield code="w">(DLC)sn 86091181</subfield></datafield></record>